% Encoding: UTF-8

@Electronic{pronouns,
  author       = {Abigail Saguy and Juliet Williams},
  year         = {2020},
  note         = {[Access 2020-05-20]},
  title        = {Why We Should All Use They/Them Pronouns},
  url          = {https://blogs.scientificamerican.com/voices/why-we-should-all-use-they-them-pronouns/},
}

@Electronic{previousPaper,
  author       = {Christian Frank},
  year         = {2020},
  note         = {[Access 2020-09-07]},
  title        = {Usefulness of open-source tools for web analytics in EMarketing},
  url          = {https://storage.googleapis.com/bucket.chfrank.net/Open%20Source%20Web%20Analytics.pdf},
}

@Electronic{previousBigdata,
  author       = {Christian Frank},
  year         = {2021},
  note         = {[Access 2021-02-26]},
  title        = {Web Traffic Analysis - Predicting Blog Post Performance},
  url          = {https://storage.googleapis.com/bucket.chfrank.net/Web%20Traffic%20Analysis.pdf},
}

@Electronic{apaLoneliness,
  author       = {Martina Luchetti},
  year         = {2020},
  note         = {[Access 2020-12-30]},
  title        = {The trajectory of loneliness in response to COVID-19},
  url          = {https://doi.apa.org/fulltext/2020-42807-001.html},
}

@Electronic{inboundKPI,
  author       = {Yvonne Romes},
  year         = {2020},
  note         = {[Access 2020-12-30]},
  title        = {10 Inbound KPIs, die jetzt auch Personaler kennen sollten},
  url          = {https://www.omt.de/inbound-marketing/10-inbound-kpis-die-jetzt-auch-personaler-kennen-sollten/},
}

@Electronic{aboutCount,
  author       = {{Count.co}},
  year         = {2018},
  note         = {[Access 2020-12-30]},
  title        = {About Count},
  url          = {https://count.co/about},
}

@Comment{jabref-meta: databaseType:bibtex;}
